@INCOLLECTION{hladkaliska03lectures,
  author = {Eva Hladká and Miloš Liška},
  title = {Přednášky ze záznamu na FI MU},
  crossref = {cvt-bulletin-xiii-4},
  pages = {6-8},
  url = {http://ics.muni.cz/bulletin/articles/273.html},
  urldate = {2017-12-14},
}

@COLLECTION{cvt-bulletin-xiii-4,
  volume = {XIII},
  issue = {4},
  crossref = {cvt-bulletin},
}

@COLLECTION{cvt-bulletin,
  title = {Zpravodaj ÚVT MU},
  issn = {1212-0901},
  date = {2003-04-04},
  langid = czech,
}
